<?xml version="1.0" encoding="UTF-8"?><collection xmlns="http://www.loc.gov/MARC21/slim"><record><leader>00394nam--2200133-i-4500</leader><controlfield tag="001">000027728</controlfield><controlfield tag="002">20161230</controlfield><controlfield tag="005">20161230201036</controlfield><controlfield tag="008">060222s1000------------r-----000-0-eng-d</controlfield><datafield ind1=" " ind2=" " tag="100"><subfield code="a">Krishna, P.And Verma, Ajit Ram</subfield></datafield><datafield ind1=" " ind2=" " tag="245"><subfield code="a">Polymorphism and polytypism in crystals</subfield></datafield><datafield ind1=" " ind2=" " tag="260"><subfield code="a">New York, John Wiley &amp; Sons, Inc., 1966, Xix + 341p</subfield></datafield><datafield ind1=" " ind2=" " tag="490"><subfield code="a">Wiley Monographs In Crystallography</subfield></datafield><datafield ind1=" " ind2=" " tag="852"><subfield code="a">24706</subfield></datafield></record></collection>